@article{yusuf2017implementasi,
  title={Implementasi Algoritma Dijkstra Dalam Menemukan Jarak Terdekat Dari Lokasi Pengguna Ke Tanaman Yang Di Tuju Berbasis Android (Studi Kasus di Kebun Raya Purwodadi)},
  author={Yusuf, Muhammad Syamsuddin and Az-Zahra, Hanifah Muslimah and Apriyanti, Diah Harnoni},
  journal={Jurnal Pengembangan Teknologi Informasi dan Ilmu Komputer e-ISSN},
  volume={2548},
  pages={964X},
  year={2017}
}

@book{Rosen2012,
author = {Rosen, K. H.},
publisher = {McGraw-Hill.Inc},
title = {{Discrete Mathematics and It's Applications - Seventh Edition}},
year = {2012}
}

@book{Dijkstra1959,
author = {Dijkstra, E. W.},
journal = {Numerische Mathematik},
title = {{A Note on Two Problems in Connexion with Graphs}},
year = {1959}
}